@book{GumerovDuraiswami2005,
    author = {Gumerov, Nail A. and Duraiswami, Ramani},
    title = {Fast Multipole Methods for the Helmholtz Equation in Three Dimensions},
    publisher = {Elsevier Science},
    year = {2005}
}

@conference{Nachbar2011,
    title = {{ambiX - A Suggested Ambisonics Format}},
    author = {Nachbar, Christian and Zotter, Franz and Deleflie, Etienne and Sontacchi, Alois},
    booktitle = {Proceedings of the 3rd Ambisonics Symposium},
    month = {June},
    year = {2011},
    url = {http://ambisonics.iem.at/proceedings-of-the-ambisonics-symposium-2011/ambix-a-suggested-ambisonics-format}
}

@conference{SchultzSpors2013,
    title = {{Data-Based Binaural Synthesis Including Rotational and Translatory Head-Movements}},
    author = {Schultz, Frank and Spors, Sascha},
    booktitle = {Audio Engineering Society Conference: 52nd International Conference: Sound Field Control - Engineering and Perception},
    month = {September},
    year = {2013},
    url = {http://www.aes.org/e-lib/browse.cfm?elib=16894}
}

@conference{Southern2009,
    author = {Southern, Alex and Wells, Jeremy and Murphy, Damian},
    booktitle = {Signal Processing Conference, 2009 17th European},
    title = {{Rendering walk-through auralisations using wave-based acoustical models}},
    year = {2009},
    pages = {715--719},
    month = {August}
}

@article{Thiergart2013,
    author = {Thiergart, Oliver and Del Galdo, Giovanni and Taseska, Maja and Habets, Emanu\"{e}l A. P.},
    journal = {IEEE Transactions on Audio, Speech, and Language Processing},
    title = {{Geometry-Based Spatial Sound Acquisition Using Distributed Microphone Arrays}},
    year = {2013},
    volume = {21},
    number = {12},
    pages = {2583--2594},
    doi = {10.1109/TASL.2013.2280210},
    ISSN = {1558-7916},
    month = {December}
}

@conference{TylkaChoueiri2016,
    title = {{Soundfield Navigation using an Array of Higher-Order Ambisonics Microphones}},
    author = {Tylka, Joseph G. and Choueiri, Edgar Y.},
    booktitle = {Audio Engineering Society Conference: 2016 AES International Conference on Audio for Virtual and Augmented Reality},
    month = {September},
    year = {2016},
    url = {http://www.aes.org/e-lib/browse.cfm?elib=18502}
}

@phdthesis{Zotter2009PhD,
    author = {Zotter, Franz},
    title = {{Analysis and Synthesis of Sound-Radiation with Spherical Arrays}},
    school = {University of Music and Performing Arts Graz},
    year = {2009}
}